@book{Stearns1992,
address = {New York},
author = {Stearns, Stephen C},
pages = {245},
publisher = {Oxford University Press},
title = {{The evolution of life histories}},
year = {1992}
}
